<record><leader>00000cas a22000007a 4500</leader><controlfield tag="001">10446857</controlfield><controlfield tag="008">840223d19731974vi wr ne      0   a0eng d</controlfield><datafield ind1=" " ind2=" " tag="010"><subfield code="a">sn 84037506 </subfield></datafield><datafield ind1=" " ind2=" " tag="040"><subfield code="a">NVI</subfield><subfield code="b">eng</subfield><subfield code="c">NPV</subfield><subfield code="d">DLC</subfield></datafield><datafield ind1=" " ind2=" " tag="042"><subfield code="a">msc</subfield></datafield><datafield ind1="0" ind2="4" tag="245"><subfield code="a">The St. Croix journal.</subfield></datafield><datafield ind1="0" ind2="0" tag="246"><subfield code="a">Saint Croix journal</subfield></datafield><datafield ind1=" " ind2=" " tag="260"><subfield code="a">St. Croix, V.I. :</subfield><subfield code="b">Modern Press,</subfield><subfield code="c">1973-1974.</subfield></datafield><datafield ind1=" " ind2=" " tag="300"><subfield code="a">v. :</subfield><subfield code="b">ill. ;</subfield><subfield code="c">37 cm.</subfield></datafield><datafield ind1=" " ind2=" " tag="310"><subfield code="a">Weekly</subfield></datafield><datafield ind1="0" ind2=" " tag="362"><subfield code="a">No. 1 (Nov. 8, 1973)-no. 48 (Oct. 3, 1974).</subfield></datafield><datafield ind1=" " ind2=" " tag="500"><subfield code="a">Published from the offices of the St. Thomas journal.</subfield></datafield><datafield ind1=" " ind2=" " tag="500"><subfield code="a">Publisher: R.J. Smith, July-Oct. 1974.</subfield></datafield><datafield ind1=" " ind2=" " tag="580"><subfield code="a">Merged with: St. Thomas journal, to form: Weekly journal (Charlotte Amalie, United States Virgin Islands : 1974)</subfield></datafield><datafield ind1=" " ind2=" " tag="752"><subfield code="a">United States</subfield><subfield code="b">Virgin Islands</subfield><subfield code="c">Saint Croix</subfield><subfield code="d">Saint Croix.</subfield></datafield><datafield ind1="0" ind2="1" tag="780"><subfield code="t">Weekly journal (Charlotte Amalie, United States Virgin Islands : 1973)</subfield><subfield code="w">(DLC)sn 84037504</subfield></datafield><datafield ind1="1" ind2="7" tag="785"><subfield code="t">St. Thomas journal</subfield><subfield code="w">(DLC)sn 84037507</subfield></datafield><datafield ind1="1" ind2="7" tag="785"><subfield code="t">Weekly journal (Charlotte Amalie, United States Virgin Islands : 1974)</subfield><subfield code="w">(DLC)sn 84037505</subfield></datafield><datafield ind1="1" ind2=" " tag="029"><subfield code="a">AU@</subfield><subfield code="b">000025812885</subfield></datafield></record>